<collection xmlns="http://www.loc.gov/MARC21/slim">
<record>
  <leader>01103nam0a2200241 i 450 </leader>
  <controlfield tag="001">IT\ICCU\CNCE\078653</controlfield>
  <controlfield tag="005">20140722000000.0</controlfield>
  <datafield tag="012" ind1=" " ind2=" ">
    <subfield code="a">*.or esia sibi temp (C) 1567 (Q)</subfield>
    <subfield code="2">fei</subfield>
  </datafield>
  <datafield tag="100" ind1=" " ind2=" ">
    <subfield code="a">20140722f1567        0itac0103    ba</subfield>
  </datafield>
  <datafield tag="101" ind1=" " ind2=" ">
    <subfield code="a">LAT</subfield>
  </datafield>
  <datafield tag="102" ind1=" " ind2=" ">
    <subfield code="a">IT</subfield>
  </datafield>
  <datafield tag="200" ind1="1" ind2=" ">
    <subfield code="a">Reuerendo et illustri domino, d. Ludouico Madrutio electo episcopo Tridentino, principi optimo Marcus Brixianus abbas s</subfield>
  </datafield>
  <datafield tag="210" ind1=" " ind2=" ">
    <subfield code="d">\Non prima del 1567!</subfield>
  </datafield>
  <datafield tag="215" ind1=" " ind2=" ">
    <subfield code="a">\6! c.</subfield>
    <subfield code="d">4ʻ</subfield>
  </datafield>
  <datafield tag="300" ind1=" " ind2=" ">
    <subfield code="a">Tit. dall&apos;intitolazione a c. A1r. - La data presunta si ricava dalla nomina a vescovo di Trento del dedicatario, Ludovico Madruzzo</subfield>
  </datafield>
  <datafield tag="700" ind1=" " ind2="0">
    <subfield code="a">Marco</subfield>
    <subfield code="c"> : da#Brescia</subfield>
    <subfield code="3">IT\ICCU\CNCA\009713</subfield>
  </datafield>
  <datafield tag="712" ind1="0" ind2="2">
    <subfield code="a">s.n.</subfield>
    <subfield code="3">IT\ICCU\CNCT\000002</subfield>
    <subfield code="4">650</subfield>
  </datafield>
  <datafield tag="790" ind1=" " ind2="0">
    <subfield code="a">Marcus</subfield>
    <subfield code="c"> : Brixianus</subfield>
    <subfield code="3">IT\ICCU\CNCA\020911</subfield>
    <subfield code="z">Marco : da#Brescia</subfield>
  </datafield>
  <datafield tag="790" ind1=" " ind2="0">
    <subfield code="a">Marcus</subfield>
    <subfield code="c"> : Brixiensis</subfield>
    <subfield code="3">IT\ICCU\CNCA\020912</subfield>
    <subfield code="z">Marco : da#Brescia</subfield>
  </datafield>
  <datafield tag="790" ind1=" " ind2="1">
    <subfield code="a">Brescia,</subfield>
    <subfield code="b">Marco : da</subfield>
    <subfield code="3">IT\ICCU\CNCA\020913</subfield>
    <subfield code="z">Marco : da#Brescia</subfield>
  </datafield>
  <datafield tag="790" ind1=" " ind2="0">
    <subfield code="a">Marco</subfield>
    <subfield code="c"> : da#Chiari</subfield>
    <subfield code="3">IT\ICCU\CNCA\020914</subfield>
    <subfield code="z">Marco : da#Brescia</subfield>
  </datafield>
  <datafield tag="801" ind1=" " ind2="3">
    <subfield code="a">IT</subfield>
    <subfield code="b">ICCU</subfield>
    <subfield code="c">20201115</subfield>
  </datafield>
  <datafield tag="899" ind1=" " ind2=" ">
    <subfield code="a">Biblioteca nazionale Marciana. Venezia</subfield>
    <subfield code="1">VE0049</subfield>
    <subfield code="2">VEA BM</subfield>
  </datafield>
</record>
</collection>
